@inproceedings{DBLP:conf/wims/MeuselBP15,
  author    = {Robert Meusel and
               Christian Bizer and
               Heiko Paulheim},
  title     = {A Web-scale Study of the Adoption and Evolution of the schema.org
               Vocabulary over Time},
  booktitle = {Proc. of WIMS},
  pages     = {15:1--15:11},
  year      = {2015}
}


@inproceedings{DBLP:conf/rweb/Krotzsch12,
  author    = {Markus Kr{\"{o}}tzsch},
  title     = {{OWL} 2 Profiles: An Introduction to Lightweight Ontology Languages},
  booktitle = {Proc. of Reasoning Web},
  pages     = {112-183},
  year      = {2012}
}

@Book{RAYMOND-GREENLAW,
 author    = {Greenlaw, Raymond and Hoover, H. James and Ruzzo, Walter L.},
 title     = {Limits to Parallel Computation: P-Completeness Theory},
 publisher = {Oxford University Press},
 year      = {1995},
 address   = {New York}
}

@article{oren2009marvin,
 author = {Oren, Eyal and Kotoulas, Spyros and Anadiotis, George and Siebes, Ronny and ten Teije, Annette and van Harmelen, Frank},
 title = {{Marvin: Distributed reasoning over large-scale Semantic Web data}},
 journal = {J. Web Sem.},
 year = {2009},
 pages = {305-316}
}

@article{DBLP:journals/ws/UrbaniKMHB12,
  author    = {Jacopo Urbani and
               Spyros Kotoulas and
               Jason Maassen and
               Frank van Harmelen and
               Henri E. Bal},
  title     = {WebPIE: {A} Web-scale Parallel Inference Engine using MapReduce},
  journal   = {J. Web Sem.},
  volume    = {10},
  pages     = {59-75},
  year      = {2012}
}

@article{DBLP:journals/ijswis/HoganHP09,
  author    = {Aidan Hogan and
               Andreas Harth and
               Axel Polleres},
  title     = {Scalable Authoritative {OWL} Reasoning for the Web},
  journal   = {Int. J. Semantic Web Inf. Syst.},
  volume    = {5},
  number    = {2},
  pages     = {49-90},
  year      = {2009}
}

@inproceedings{DBLP:conf/aaai/MotikNPHO14,
  author    = {Boris Motik and
               Yavor Nenov and
               Robert Piro and
               Ian Horrocks and
               Dan Olteanu},
  title     = {Parallel Materialisation of Datalog Programs in Centralised, Main-Memory
               {RDF} Systems},
  booktitle = {Proc. of AAAI},
  pages     = {129-137},
  year      = {2014}
}

@inproceedings{DBLP:conf/www/GrosofHVD03,
  author    = {Benjamin N. Grosof and
               Ian Horrocks and
               Raphael Volz and
               Stefan Decker},
  title     = {Description logic programs: combining logic programs with description
               logic},
  booktitle = {Proc. of WWW},
  pages     = {48-57},
  year      = {2003}
}

@book{database,
  author    = {Serge Abiteboul and
                Richard Hull and
               Victor Vianu},
  title     = {{F}oundations of {D}atabases},
  publisher = {Addison-Wesley},
  year      = {1995}
}

@inproceedings{DBLP:conf/www/HorrocksP04,
  author    = {Ian Horrocks and
               Peter F. Patel{-}Schneider},
  title     = {A proposal for an owl rules language},
  booktitle = {Proc. of WWW},
  pages     = {723-731},
  year      = {2004}
}


@article{DBLP:journals/cacm/Valiant90,
  author    = {Leslie G. Valiant},
  title     = {A Bridging Model for Parallel Computation},
  journal   = {Commun. {ACM}},
  pages     = {103-111},
  year      = {1990}
}

@inproceedings{DBLP:conf/soda/KarloffSV10,
  author    = {Howard J. Karloff and
               Siddharth Suri and
               Sergei Vassilvitskii},
  title     = {A Model of Computation for MapReduce},
  booktitle = {Proc. of SODA},
  pages     = {938-948},
  year      = {2010}
}

@inproceedings{rdfSemantic,
    author    = {Patrick Hayes},
    title     = {RDF Semantics},
    booktitle = {W3C Recommendation},
    year      = {2004}
}

@article{DBLP:journals/ws/Horst05,
  author    = {Herman J. ter Horst},
  title     = {Completeness, decidability and complexity of entailment for {RDF}
               Schema and a semantic extension involving the {OWL} vocabulary},
  journal   = {J. Web Sem.},
  volume    = {3},
  number    = {2-3},
  pages     = {79-115},
  year      = {2005}
}

@article{DBLP:journals/jar/KazakovM08,
  author    = {Yevgeny Kazakov and
               Boris Motik},
  title     = {A Resolution-Based Decision Procedure for \emph{SHOIQ}},
  journal   = {J. Autom. Reasoning},
  volume    = {40},
  number    = {2-3},
  pages     = {89-116},
  year      = {2008}
}

@article{DBLP:journals/ws/GuoPH05,
  author    = {Yuanbo Guo and
               Zhengxiang Pan and
               Jeff Heflin},
  title     = {{LUBM:} {A} benchmark for {OWL} knowledge base systems},
  journal   = {J. Web Sem.},
  volume    = {3},
  number    = {2-3},
  pages     = {158-182},
  year      = {2005}
}

@inproceedings{DBLP:conf/semweb/WeaverH09,
  author    = {Jesse Weaver and
               James A. Hendler},
  title     = {Parallel Materialization of the Finite {RDFS} Closure for Hundreds
               of Millions of Triples},
  booktitle = {Proc. of ISWC},
  pages     = {682-697},
  year      = {2009}
}

@inproceedings{DBLP:conf/cidr/MahdisoltaniBS15,
  author    = {Farzaneh Mahdisoltani and
               Joanna Biega and
               Fabian M. Suchanek},
  title     = {{YAGO3:} {A} Knowledge Base from Multilingual Wikipedias},
  booktitle = {Proc. of CIDR},
  year      = {2015}
}


@article{DBLP:journals/ws/SuchanekKW08,
  author    = {Fabian M. Suchanek and
               Gjergji Kasneci and
               Gerhard Weikum},
  title     = {{YAGO:} {A} Large Ontology from Wikipedia and WordNet},
  journal   = {J. Web Sem.},
  volume    = {6},
  number    = {3},
  pages     = {203-217},
  year      = {2008}
}

@inproceedings{DBLP:conf/ISCApdcs/SomaP08,
  author    = {Ramakrishna Soma and
               Viktor K. Prasanna},
  title     = {A Data Partitioning Approach for Parallelizing Rule Based Inferencing
               for Materialized {OWL} Knowledge Bases},
  booktitle = {Proc. of ISCA},
  pages     = {19-25},
  year      = {2008}
}

@article{DBLP:journals/jar/KazakovKS14,
  author    = {Yevgeny Kazakov and
               Markus Kr{\"{o}}tzsch and
               Frantisek Simancik},
  title     = {The Incredible {ELK} - From Polynomial Procedures to Efficient Reasoning
               with $\mathcal{EL}$ Ontologies},
  journal   = {J. Autom. Reasoning},
  pages     = {1-61},
  year      = {2014}
}

@inproceedings{DBLP:conf/dlog/LemboSS13,
  author    = {Domenico Lembo and
               Valerio Santarelli and
               Domenico Fabio Savo},
  title     = {A Graph-Based Approach for Classifying {OWL} 2 {QL} Ontologies},
  booktitle = {Proc. of DL},
  pages     = {747-759},
  year      = {2013}
}

@inproceedings{DBLP:conf/otm/LiebigM07,
  author    = {Thorsten Liebig and
               Felix M{\"{u}}ller},
  title     = {Parallelizing Tableaux-Based Description Logic Reasoning},
  booktitle = {Proc. of  OTM Workshops},
  pages     = {1135-1144},
  year      = {2007}
}

@inproceedings{DBLP:conf/dlog/SchlichtS08,
  author    = {Anne Schlicht and
               Heiner Stuckenschmidt},
  title     = {Distributed Resolution for {ALC}},
  booktitle = {Proc. of DL},
  pages     = {326-341},
  year      = {2008}
}

@inproceedings{DBLP:conf/dlog/WuH12,
  author    = {Kejia Wu and
               Volker Haarslev},
  title     = {A Parallel Reasoner for the Description Logic {ALC}},
  booktitle = {Proc. of DL},
  pages     = {675-690},
  year      = {2012}
}

@inproceedings{Tachmazidis-Stratified-ECAI2012,
    author    = {Ilias Tachmazidis and
                 Grigoris Antoniou and
                 Giorgos Flouris and
                 Spyros Kotoulas and
                 Lee McCluskey},
    title     = {{Large-scale Parallel Stratified Defeasible Reasoning}},
    booktitle = {Proc. of ECAI},
    pages     = {738-743},
    year      = {2012}
  }

@inproceedings{DBLP:conf/cie/Allender07,
  author    = {Eric Allender},
  title     = {Reachability Problems: An Update},
  booktitle = {Proc. of CiE},
  pages     = {25-27},
  year      = {2007}
}

@article{DBLP:journals/algorithmica/UllmanG88,
  author    = {Jeffrey D. Ullman and
               Allen Van Gelder},
  title     = {Parallel Complexity of Logical Query Programs},
  journal   = {Algorithmica},
  volume    = {3},
  pages     = {5-42},
  year      = {1988}
}

@article{DBLP:journals/jacm/AfratiP93,
  author    = {Foto N. Afrati and
               Christos H. Papadimitriou},
  title     = {The Parallel Complexity of Simple Logic Programs},
  journal   = {J. {ACM}},
  volume    = {40},
  number    = {4},
  pages     = {891-916},
  year      = {1993}
}

@article{DBLP:journals/jcst/FanH14,
  author    = {Wenfei Fan and
               Jinpeng Huai},
  title     = {Querying Big Data: Bridging Theory and Practice},
  journal   = {J. Comput. Sci. Technol.},
  volume    = {29},
  number    = {5},
  pages     = {849-869},
  year      = {2014}
}

@inproceedings{DBLP:conf/icde/SundaraAKDWCS10,
  author    = {Seema Sundara and
               Medha Atre and
               Vladimir Kolovski and
               Souripriya Das and
               Zhe Wu and
               Eugene Inseok Chong and
               Jagannathan Srinivasan},
  title     = {Visualizing large-scale {RDF} data using Subsets, Summaries, and Sampling
               in Oracle},
  booktitle = {Proc. of ICDE},
  pages     = {1048-1059},
  year      = {2010}
}
